<record><leader>00000cas a22000007a 4500</leader><controlfield tag="001">11065517</controlfield><controlfield tag="008">840817d18601956inuwr ne      0    0eng d</controlfield><datafield ind1=" " ind2=" " tag="010"><subfield code="a">sn 84027386 </subfield></datafield><datafield ind1=" " ind2=" " tag="040"><subfield code="a">NPU</subfield><subfield code="b">eng</subfield><subfield code="c">NPU</subfield><subfield code="d">NPX</subfield><subfield code="d">NPI</subfield><subfield code="d">OCLCQ</subfield></datafield><datafield ind1=" " ind2=" " tag="042"><subfield code="a">msc</subfield></datafield><datafield ind1="0" ind2=" " tag="130"><subfield code="a">Hancock Democrat (Greenfield, Ind. : 1860)</subfield></datafield><datafield ind1="1" ind2="4" tag="245"><subfield code="a">The Hancock Democrat.</subfield></datafield><datafield ind1=" " ind2=" " tag="260"><subfield code="a">Greenfield, Ind. :</subfield><subfield code="b">William Mitchell,</subfield><subfield code="c">1860-1956.</subfield></datafield><datafield ind1=" " ind2=" " tag="300"><subfield code="a">97 v. ;</subfield><subfield code="c">61 cm.</subfield></datafield><datafield ind1=" " ind2=" " tag="310"><subfield code="a">Weekly</subfield></datafield><datafield ind1="0" ind2=" " tag="362"><subfield code="a">Vol. 1, no. 1 (Nov. 21, 1860)-Nov. 1, 1956.</subfield></datafield><datafield ind1=" " ind2=" " tag="500"><subfield code="a">Editors: David S. Gooding, &lt;1860-1861&gt;; William Mitchell, &lt;1876&gt;.</subfield></datafield><datafield ind1=" " ind2=" " tag="500"><subfield code="a">Publishers: West &amp; Guymore, 1860-1861; William Mitchell, 1861-&lt;1876&gt;.</subfield></datafield><datafield ind1=" " ind2=" " tag="500"><subfield code="a">"Democratic." Cf. Miller, J.W. Ind. newspaper bibliography.</subfield></datafield><datafield ind1=" " ind2=" " tag="500"><subfield code="a">Includes: Special Agricultural Souvenir Edition (Sept. 8, 1938).</subfield></datafield><datafield ind1=" " ind2=" " tag="752"><subfield code="a">United States</subfield><subfield code="b">Indiana</subfield><subfield code="c">Hancock</subfield><subfield code="d">Greenfield.</subfield></datafield><datafield ind1="0" ind2="7" tag="785"><subfield code="t">Hancock journal (Greenfield, Ind. : 1956)</subfield></datafield><datafield ind1="0" ind2="7" tag="785"><subfield code="t">Hancock journal and the Hancock Democrat</subfield><subfield code="w">(DLC)sn 85048237</subfield></datafield><datafield ind1="1" ind2=" " tag="029"><subfield code="a">AU@</subfield><subfield code="b">000025789110</subfield></datafield></record>